%% This BibTeX bibliography file was created using BibDesk.
%% http://bibdesk.sourceforge.net/

%% Created for Matt Jadczak at 2017-04-08 20:16:27 +0100 


%% Saved with string encoding Unicode (UTF-8) 



@webpage{ElixirGenStage,
	Date-Added = {2017-04-02 15:55:01 +0000},
	Date-Modified = {2017-04-02 15:55:10 +0000},
	Url = {https://github.com/elixir-lang/gen_stage},
	Bdsk-Url-1 = {https://github.com/elixir-lang/gen_stage}}

@webpage{ElixirFlow,
	Date-Added = {2017-04-02 15:54:49 +0000},
	Date-Modified = {2017-04-02 15:54:59 +0000},
	Url = {https://github.com/elixir-lang/flow},
	Bdsk-Url-1 = {https://github.com/elixir-lang/flow}}

@webpage{ApacheDataflowPost,
	Date-Added = {2017-04-02 15:46:30 +0000},
	Date-Modified = {2017-04-02 15:46:56 +0000},
	Url = {http://blog.nanthrax.net/2016/01/introducing-apache-dataflow/},
	Bdsk-Url-1 = {http://blog.nanthrax.net/2016/01/introducing-apache-dataflow/}}

@book{scalability_erlang_otp,
	Author = {Cesarini, Francesco and Vinoski, Steve},
	Date-Added = {2017-03-31 16:34:42 +0000},
	Date-Modified = {2017-04-08 19:16:27 +0000},
	Publisher = {O'Reilly Media, Inc.},
	Title = {{Designing for Scalability with Erlang/OTP: Implement Robust, Fault-Tolerant Systems}},
	Year = {2016}}

@webpage{apache_storm,
	Date-Added = {2017-03-31 13:13:18 +0000},
	Date-Modified = {2017-03-31 15:15:33 +0000},
	Title = {{Apache Storm}},
	Url = {https://storm.apache.org},
	Bdsk-Url-1 = {https://storm.apache.org}}

@article{akidau2013millwheel,
	Author = {Akidau, Tyler and Balikov, Alex and Bekiro{\u{g}}lu, Kaya and Chernyak, Slava and Haberman, Josh and Lax, Reuven and McVeety, Sam and Mills, Daniel and Nordstrom, Paul and Whittle, Sam},
	Date-Added = {2017-03-31 13:13:03 +0000},
	Date-Modified = {2017-03-31 13:13:03 +0000},
	Journal = {Proceedings of the VLDB Endowment},
	Number = {11},
	Pages = {1033--1044},
	Publisher = {VLDB Endowment},
	Title = {MillWheel: fault-tolerant stream processing at internet scale},
	Volume = {6},
	Year = {2013}}

@inproceedings{spark:zaharia2013discretized,
	Author = {Zaharia, Matei and Das, Tathagata and Li, Haoyuan and Hunter, Timothy and Shenker, Scott and Stoica, Ion},
	Booktitle = {Proceedings of the Twenty-Fourth ACM Symposium on Operating Systems Principles},
	Date-Added = {2017-03-31 13:12:53 +0000},
	Date-Modified = {2017-03-31 13:14:37 +0000},
	Organization = {ACM},
	Pages = {423--438},
	Title = {Discretized streams: Fault-tolerant streaming computation at scale},
	Year = {2013}}

@electronic{mit_bean_variety,
	Author = {Randy Bean},
	Date-Added = {2017-03-31 13:00:09 +0000},
	Date-Modified = {2017-03-31 16:30:23 +0000},
	Read = {0},
	Title = {Variety, Not Volume, Is Driving Big Data Initiatives},
	Year = {2016}}

@article{Yin_2015,
	Author = {Yin, Shen and Kaynak, Okyay},
	Date-Added = {2017-03-31 12:59:44 +0000},
	Date-Modified = {2017-03-31 12:59:44 +0000},
	Doi = {10.1109/jproc.2015.2388958},
	Issn = {1558-2256},
	Journal = {Proceedings of the IEEE},
	Month = {Feb},
	Number = {2},
	Pages = {143--146},
	Publisher = {Institute of Electrical and Electronics Engineers (IEEE)},
	Title = {Big Data for Modern Industry: Challenges and Trends [Point of View]},
	Url = {http://dx.doi.org/10.1109/JPROC.2015.2388958},
	Volume = {103},
	Year = {2015},
	Bdsk-Url-1 = {http://dx.doi.org/10.1109/JPROC.2015.2388958},
	Bdsk-Url-2 = {http://dx.doi.org/10.1109/jproc.2015.2388958}}

@webpage{Elixir,
	Date-Added = {2016-10-13 21:38:32 +0000},
	Date-Modified = {2017-03-31 15:13:44 +0000},
	Url = {http://elixir-lang.org/},
	Bdsk-Url-1 = {http://elixir-lang.org/}}

@webpage{ApacheBeam,
	Date-Added = {2016-10-13 21:29:41 +0000},
	Date-Modified = {2016-10-13 21:29:50 +0000},
	Url = {http://beam.incubator.apache.org/},
	Bdsk-Url-1 = {http://beam.incubator.apache.org/}}

@webpage{CloudDataflow,
	Date-Added = {2016-10-13 21:24:03 +0000},
	Date-Modified = {2016-10-13 21:24:21 +0000},
	Url = {https://cloud.google.com/dataflow/},
	Bdsk-Url-1 = {https://cloud.google.com/dataflow/}}

@webpage{Device,
	Date-Added = {2016-10-13 21:24:03 +0000},
	Date-Modified = {2016-10-13 21:24:21 +0000},
	Url = {https://deviceanalyzer.cl.cam.ac.uk/},
	Bdsk-Url-1 = {https://deviceanalyzer.cl.cam.ac.uk/}}

@webpage{Isaac,
	Date-Added = {2016-10-13 21:24:03 +0000},
	Date-Modified = {2016-10-13 21:24:21 +0000},
	Url = {https://isaacphysics.org/},
	Bdsk-Url-1 = {https://isaacphysics.org/}}

@article{Akidau:2015,
	Acmid = {2824076},
	Author = {Akidau, Tyler and others},
	Date-Added = {2016-10-13 20:55:14 +0000},
	Date-Modified = {2017-03-31 15:16:14 +0000},
	Doi = {10.14778/2824032.2824076},
	Issn = {2150-8097},
	Issue_Date = {August 2015},
	Journal = {Proceedings of the VLDB Endowment},
	Month = aug,
	Number = {12},
	Numpages = {12},
	Pages = {1792--1803},
	Publisher = {VLDB Endowment},
	Read = {0},
	Title = {{{The Dataflow Model: A Practical Approach to Balancing Correctness, Latency, and Cost in Massive-scale, Unbounded, Out-of-order Data Processing}}},
	Url = {http://dx.doi.org/10.14778/2824032.2824076},
	Volume = {8},
	Year = {2015},
	Bdsk-Url-1 = {http://dx.doi.org/10.14778/2824032.2824076}}
