%% This BibTeX bibliography file was created using BibDesk.
%% http://bibdesk.sourceforge.net/

%% Created for Matt Jadczak at 2016-10-13 22:38:40 +0100 


%% Saved with string encoding Unicode (UTF-8) 



@webpage{Elixir,
	Date-Added = {2016-10-13 21:38:32 +0000},
	Date-Modified = {2016-10-13 21:38:38 +0000},
	Url = {http://elixir-lang.org/}}

@webpage{ApacheBeam,
	Date-Added = {2016-10-13 21:29:41 +0000},
	Date-Modified = {2016-10-13 21:29:50 +0000},
	Url = {http://beam.incubator.apache.org/}}

@webpage{CloudDataflow,
	Date-Added = {2016-10-13 21:24:03 +0000},
	Date-Modified = {2016-10-13 21:24:21 +0000},
	Url = {https://cloud.google.com/dataflow/}}
	
@webpage{Device,
	Date-Added = {2016-10-13 21:24:03 +0000},
	Date-Modified = {2016-10-13 21:24:21 +0000},
	Url = {https://deviceanalyzer.cl.cam.ac.uk/}}
	
@webpage{Isaac,
Date-Added = {2016-10-13 21:24:03 +0000},
Date-Modified = {2016-10-13 21:24:21 +0000},
Url = {https://isaacphysics.org/}}

@article{Akidau:2015,
	Acmid = {2824076},
	Author = {Akidau, Tyler and others},
	Date-Added = {2016-10-13 20:55:14 +0000},
	Date-Modified = {2016-10-13 21:05:44 +0000},
	Doi = {10.14778/2824032.2824076},
	Issn = {2150-8097},
	Issue_Date = {August 2015},
	Journal = {Proc. VLDB Endow.},
	Month = aug,
	Number = {12},
	Numpages = {12},
	Pages = {1792--1803},
	Publisher = {VLDB Endowment},
	Read = {0},
	Title = {{{The Dataflow Model: A Practical Approach to Balancing Correctness, Latency, and Cost in Massive-scale, Unbounded, Out-of-order Data Processing}}},
	Url = {http://dx.doi.org/10.14778/2824032.2824076},
	Volume = {8},
	Year = {2015},
	Bdsk-Url-1 = {http://dx.doi.org/10.14778/2824032.2824076}}
